@article{phasorSS,
  title={PhasorSS: A Toolbox for Periodic State-Space Systems},
  author={Author, A.},
  journal={Journal of Control Systems},
  year={2023},
  volume={12},
  number={3},
  pages={123-145},
  doi={10.1234/jcs.2023.12345}
}

@article{dSpaceDataExplorer,
  title={dSpace Data Explorer: A Tool for Data Analysis and Visualization},
  author={Author, B.},
  journal={International Journal of Data Science},
  year={2023},
  volume={5},
  number={2},
  pages={67-89},
  doi={10.5678/ijds.2023.67890}
}

@misc{toolboxDocumentation,
  title={Phasor Toolbox Documentation},
  author={Author, C.},
  year={2023},
  note={Available at: \url{https://github.com/your-repo/phasor-toolbox}}
}